@misc{romaindillet2017blablacargooglemaps,
    title       = {Google Maps suggests BlaBlaCar for long-distance rides},
    author      = {Dillet, R.},
    url         = {https://techcrunch.com/2017/08/22/google-maps-suggests-blablacar-for-long-distance-rides/},
    year        = {2017},
    addendum    = {Accessed: 15.03.2019},
    publisher   = {Tech Crunch}
}

@misc{blablacarslideshare,
    title       = {BlaBlaCar: How We Built a 25 Million Member Strong Community Based on Trust},
    author      = {Dent, A.},
    url         = {https://www.slideshare.net/crowdsourcingweek/blablacar-how-we-built-a-25-million-member-strong-community-based-on-trust/5},
    year        = {2016},
    addendum    = {Accessed: 15.03.2019},
    publisher   = {BlaBlaCar UK}
}

@misc{romaindillet2018blablacaroptimising,
    title       = {BlaBlaCar is optimizing its service for small cities and has a new visual identity},
    author      = {Dillet, R.},
    url         = {https://techcrunch.com/2018/01/30/blablacar-is-optimizing-its-service-for-small-cities-and-has-a-new-visual-identity/},
    year        = {2018},
    addendum    = {Accessed: 15.03.2019},
    publisher   = {Tech Crunch}
}

@misc{blablacarblogbeepcar,
    title       = {BlaBlaCar acquires Russian carpooling platform Beepcar},
    author      = {BlaBlaCar},
    url         = {https://blog.blablacar.com/newsroom/news-list/blablacar-acquires-russian-carpooling-platform-beepcar},
    year        = {2018},
    addendum    = {Accessed: 15.03.2019},
    publisher   = {BlaBlaCar}
}

@misc{blablacarblogouibus,
    title       = {BlaBlaCar makes an offer to acquire Ouibus and secures \euro101 million investment},
    author      = {BlaBlaCar},
    url         = {https://blog.blablacar.com/newsroom/news-list/blablacar-makes-an-offer-to-acquire-ouibus-and-secures-e101-million-investment},
    year        = {2018},
    addendum    = {Accessed: 15.03.2019},
    publisher   = {BlaBlaCar}
}

@misc{comutoIKEAscheme,
    title       = {IKEA's Leko Is a Carpooling Service, Not a Flatpack Car},
    author      = {Schwartz, A.},
    url         = {https://www.fastcompany.com/1249386/ikeas-leko-carpooling-service-not-flatpack-car},
    year        = {2009},
    addendum    = {Accessed: 15.03.2019},
    publisher   = {Fast Company}
}

@misc{comutoVINCIscheme,
    title       = {VINCI Autoroutes - Rapport d'activité VINCI Autoroutes 2010},
    author      = {Salanne, P.},
    url         = {https://publi.vinci.com/vinci_autoroutes/vinci-autoroutes-rapport-activite-2010.pdf},
    year        = {2010},
    addendum    = {Accessed: 15.03.2019},
    publisher   = {VINCI Autoroutes}
}

@misc{comutoCarrefourscheme,
    title       = {Inside Story 3: Fail. Learn. Succeed.},
    author      = {BlaBlaCar},
    url         = {https://blog.blablacar.com/blog/inside-story/fail-learn-succeed},
    year        = {2019},
    addendum    = {Accessed: 15.03.2019},
    publisher   = {BlaBlaCar}
}

@misc{blablacarblogless,
    title       = {BlaBlaCar acquires urban carpooling company Less},
    author      = {BlaBlaCar},
    url         = {https://blog.blablacar.com/newsroom/news-list/blablacar-acquires-urban-carpooling-company-less},
    year        = {2019},
    addendum    = {Accessed: 15.03.2019},
    publisher   = {BlaBlaCar}
}

@misc{blablacarfinancialtimes,
    title       = {BlaBlaCar buys ride-sharing competitors to lock in European lead},
    author      = {Ahmed, M.},
    url         = {https://www.ft.com/content/fbbd1528-e2ae-11e4-aa1d-00144feab7de},
    year        = {2015},
    addendum    = {Accessed: 15.03.2019},
    publisher   = {Financial Times}
}

@misc{lyft35pcofmarketinUS,
    title       = {Lyft claims it now has more than one-third of the US ride-sharing market},
    author      = {Bosa, D.},
    url         = {https://www.cnbc.com/2018/05/14/lyft-market-share-051418-bosa-sf.html},
    year        = {2018},
    addendum    = {Accessed: 06.04.2019},
    publisher   = {CNBC}
}

@misc{wazeTargetsAmazonWarehouses,
    title       = {Waze launches carpool service at 50 Amazon warehouses as part of nationwide rollout},
    author      = {Levy, N.},
    url         = {https://www.geekwire.com/2018/waze-launches-carpool-service-50-amazon-warehouses-part-nationwide-rollout/},
    year        = {2018},
    addendum    = {Accessed: 06.04.2019},
    publisher   = {GeekWire}
}

@misc{firestoredocs,
    title       = {Cloud Firestore},
    author      = {Firebase},
    url         = {https://firebase.google.com/docs/firestore/},
    year        = {2019},
    addendum    = {Accessed: 09.04.2019},
    publisher   = {Firebase}
}

@misc{furpslecture,
    title       = {L6 - From Inception to Elaboration},
    author      = {Compatangelo, E.},
    year        = {2018},
    addendum    = {Accessed: 11.10.2018},
    publisher   = {University of Aberdeen}
}

@book{martins_management_book,
  title     = {Project Management Metrics, KPIs, and Dashboards : A Guide to Measuring and Monitoring Project Performance},
  author    = {Kerzner, H.},
  isbn      = {9781119427285},
  edition   = {3},
  year      = {2017},
  publisher = {John Wiley \& Sons, Incorporated}
}

@misc{lyftIPOtechcrunch,
    title       = {Dissecting what Lyft's IPO means for Uber and the future of mobility},
    author      = {Tabatabai, A. and Korosec, K. and Clark, K.},
    url         = {https://techcrunch.com/2019/04/06/dissecting-lyfts-ipo-uber-scooters-autonomous-vehicles-and-the-future-of-mobility/},
    year        = {2019},
    addendum    = {Accessed: 06.04.2019},
    publisher   = {Tech Crunch}
}
@misc{WhyMySql,
    title       = {Most popular databases in 2018 according to StackOverflow survey},
    author      = {Shay, T.},
    url         = {https://www.eversql.com/most-popular-databases-in-2018-according-to-stackoverflow-survey/},
    year        = {2018},
    addendum    = {Accessed: 09.04.2019},
    publisher   = {EverSQL}
}

@misc{firestorevsrealtime,
    title       = {Choose a Database: Cloud Firestore or Realtime Database},
    author      = {Firebase},
    url         = {https://firebase.google.com/docs/database/rtdb-vs-firestore},
    year        = {2019},
    addendum    = {Accessed: 09.04.2019},
    publisher   = {Firebase}
}
@misc{featuresMySql,
    title       = {MySQL Features},
    author      = {JavaTpoint},
    url         = {https://www.javatpoint.com/mysql-features},
    year        = {2018},
    addendum    = {Accessed: 09.04.2019},
    publisher   = {JavaTpoint}
}
@misc{firebaseDataModel,
    title       = {Cloud Firestore Data model},
    author      = {Firebase},
    url         = {https://firebase.google.com/docs/firestore/data-model},
    year        = {2019},
    addendum    = {Accessed: 10.04.2019},
    publisher   = {Firebase}
}

@misc{lyftvalueofempathy,
    title       = {The Lyft Formula: 5 Steps to Getting Noticed in a Dominated Market},
    author      = {Ruhland, A.},
    url         = {https://www.leadpages.net/blog/the-lyft-formula/},
    year        = {2014},
    addendum    = {Accessed: 11.04.2019},
    publisher   = {Leadpages}
}

@misc{lyftearlyseriesBfunding,
    title       = {Series B Overview},
    author      = {Crunchbase},
    url         = {https://www.crunchbase.com/funding_round/lyft-series-b--1b41c14e#section-overview},
    year        = {2019},
    addendum    = {Accessed: 15.04.2019},
    publisher   = {Crunchbase}
}

@misc{uberbadpressguardian,
    title       = {Uber's scandals, blunders and PR disasters: the full list},
    author      = {Levin, S.},
    url         = {https://www.theguardian.com/technology/2017/jun/18/uber-travis-kalanick-scandal-pr-disaster-timeline},
    year        = {2017},
    addendum    = {Accessed: 15.04.2019},
    publisher   = {The Guardian}
}

@misc{lyftdidialliancemashable,
    title       = {Lyft's 'anti-Uber alliance' was quietly called off},
    author      = {Bogle, A.},
    url         = {https://mashable.com/2017/03/22/didi-chuxing-lyft-roaming-deal/?europe=true#XtpQ9reqXOqf},
    year        = {2017},
    addendum    = {Accessed: 15.04.2019},
    publisher   = {Mashable}
}

@misc{wazetargetsmillenials,
    title       = {'They're changing the whole way that commerce works' — BlackRock's \$1.8 trillion bond chief explains how millennials are spearheading an economic revolution},
    author      = {Ciolli, J.},
    url         = {https://www.businessinsider.com/blackrock-bond-chief-rick-rieder-on-millennials-economy-waze-2018-4?r=US&IR=T},
    year        = {2018},
    addendum    = {Accessed: 15.04.2019},
    publisher   = {Business Insider}
}

@misc{fluttereverythingsawidget,
    title       = {Technical Overview: Everything's a Widget},
    author      = {Flutter},
    url         = {https://flutter.dev/docs/resources/technical-overview#everythings-a-widget},
    year        = {2019},
    addendum    = {Accessed: 15.04.2019},
    publisher   = {Flutter}
}

@misc{ploplecture,
    title       = {L12 - Design Principles},
    author      = {Compatangelo, E.},
    year        = {2018},
    addendum    = {Accessed: 15.10.2018},
    publisher   = {University of Aberdeen}
}

@misc{scalingupstanfordpresentation,
    title       = {Scaling Up Excellence},
    author      = {Sutton, B.},
    url         = {https://ecorner.stanford.edu/video/scaling-up-excellence-entire-talk/},
    year        = {2014},
    addendum    = {Accessed: 15.04.2019},
    publisher   = {Stanford Technology Ventures Program}
}

@misc{flaskquickstartdocs,
    title       = {Quick Start},
    author      = {Haustant, A.},
    url         = {https://flask-restplus.readthedocs.io/en/stable/quickstart.html},
    year        = {2014},
    addendum    = {Accessed: 08.10.2018},
    publisher   = {Flask-RESTPlus}
}

@misc{flaskrestplushome,
    title       = {Welcome to Flask-RESTPlus’s documentation!},
    author      = {Haustant, A.},
    url         = {https://flask-restplus.readthedocs.io/en/stable/#welcome-to-flask-restplus-s-documentation},
    year        = {2014},
    addendum    = {Accessed: 08.10.2018},
    publisher   = {Flask-RESTPlus}
}

@misc{datasetquickstartdocs,
    title       = {Quickstart},
    author      = {Lindenberg, F. and Aisch, G. and Wehrmeyer, S.},
    url         = {https://dataset.readthedocs.io/en/latest/quickstart.html#storing-data},
    year        = {2018},
    addendum    = {Accessed: 08.10.2018},
    publisher   = {dataset}
}

@misc{fluttergooglemapspluginrelease,
    title       = {google\_maps\_flutter},
    author      = {Flutter},
    url         = {https://pub.dartlang.org/packages/google_maps_flutter#-versions-tab-},
    year        = {2019},
    addendum    = {Accessed: 17.04.2019},
    publisher   = {Flutter}
}

@misc{dartvmobservatorydocs,
    title       = {Observatory: A Profiler for Dart Apps},
    author      = {Dart},
    url         = {https://dart-lang.github.io/observatory/},
    year        = {2019},
    addendum    = {Accessed: 19.04.2019},
    publisher   = {Dart}
}
